@misc{upstream2025,
    title={mistral.rs},
    author={Upstream Contributors},
    year={2025},
    url={https://github.com/EricLBuehler/mistral.rs}
}

@misc{zenresearch2025,
    title={Zen Research: Open AI Ecosystem},
    author={Zen Research Authors},
    year={2025},
    url={https://github.com/zenlm}
}